@Book{xie2015,
  title = {Dynamic Documents with {R} and knitr},
  author = {Yihui Xie},
  publisher = {Chapman and Hall/CRC},
  address = {Boca Raton, Florida},
  year = {2015},
  edition = {2nd},
  note = {ISBN 978-1498716963},
  url = {http://yihui.org/knitr/},
}

@article{al-agele2021,
	title = {A Case Study of Tomato (Solanum lycopersicon var. Legend) Production and Water Productivity in Agrivoltaic Systems},
	author = {AL-agele, Hadi A. and Proctor, Kyle and Murthy, Ganti and Higgins, Chad},
	year = {2021},
	month = {03},
	date = {2021-03},
	journal = {Sustainability},
	pages = {2850},
	volume = {13},
	number = {5},
	doi = {10.3390/su13052850}
}

@book{undersander2011,
	title = {Alfalfa Management Guide},
	author = {Undersander, Dan and Cosgrove, Dennis and Cullen, Eileen and Grau, Craig and Rice, Marlin E. and Renz, Mark and Sheaffer, Craig and Shewmaker, Glen and Sulc, Mark},
	year = {2011},
	month = {01},
	date = {2011-01},
	publisher = {American Society of Agronomy and Soil Science Society of America},
	series = {ASA, CSSA, and SSSA Books},
	doi = {10.2134/2011.alfalfamanagementguide},
	url = {http://doi.wiley.com/10.2134/2011.alfalfamanagementguide},
	note = {DOI: 10.2134/2011.alfalfamanagementguide},
	address = {Madison, WI, USA},
	langid = {en}
}

@article{campana2021,
	title = {100% renewable wastewater treatment plants: Techno-economic assessment using a modelling and optimization approach},
	author = {Campana, P.E. and Mainardis, M. and Moretti, A. and Cottes, M.},
	year = {2021},
	date = {2021},
	journal = {Energy Conversion and Management},
	volume = {239},
	doi = {10.1016/j.enconman.2021.114214},
	url = {https://www.scopus.com/inward/record.uri?eid=2-s2.0-85105304468&doi=10.1016%2fj.enconman.2021.114214&partnerID=40&md5=ac704b5f99de2769b2686ccd7a4f37a2}
}
